@book{KOTTWITZ-2011-BEGIN,
	title = {LaTeX Beginner's Guide},
	author = {Stefan Kottwitz},
	publisher = {Packt Publishing},
	isbn = {1847199860,9781847199867},
	year = {2011},
	series = {},
	edition = {},
	volume = {},
	url = {http://gen.lib.rus.ec/book/
	index.php?md5=8e3171bdc4790ac765995b0b22e1dc1d}
}

@article{STOTT-1974,
	doi = {10.1109/tpas.1974.293985},
	title = {Fast Decoupled Load Flow},
	author = {Brian Stott and Alsac Ongun},
	journal = {IEEE Transactions on Power Apparatus and Systems},
	issn = {0018-9510},
	year = {1974},
	volume = {PAS-93},
	issue = {3},
	pages = {859--869},
	url = {http://doi.org/10.1109/tpas.1974.293985}
}