@book{d1996educaccao,
  title={Educa{\c{c}}{\~a}o Matem{\'a}tica: da teoria {\`a} pr{\'a}tica},
  author={D'ambrosio, Ubiratan},
  year={1996},
  publisher={Papirus Editora}
}